<record><leader>00000cas a22000007a 4500</leader><controlfield tag="001">15807068</controlfield><controlfield tag="008">870604d1985198uriumr ne      0   a0eng d</controlfield><datafield ind1=" " ind2=" " tag="010"><subfield code="a">sn 87008597 </subfield></datafield><datafield ind1=" " ind2=" " tag="040"><subfield code="a">NSD</subfield><subfield code="b">eng</subfield><subfield code="c">NSD</subfield><subfield code="d">RHN</subfield><subfield code="d">OCLCQ</subfield></datafield><datafield ind1=" " ind2=" " tag="012"><subfield code="l">1</subfield></datafield><datafield ind1=" " ind2=" " tag="022"><subfield code="a">0894-1378</subfield><subfield code="l">0894-1378</subfield><subfield code="2">1</subfield></datafield><datafield ind1=" " ind2=" " tag="037"><subfield code="b">R.I. Woman, 906 Pk. Ave., Cranston, RI 02910</subfield></datafield><datafield ind1=" " ind2=" " tag="042"><subfield code="a">nsdp</subfield><subfield code="a">msc</subfield></datafield><datafield ind1="1" ind2="0" tag="082"><subfield code="a">305</subfield><subfield code="2">11</subfield></datafield><datafield ind1="0" ind2=" " tag="210"><subfield code="a">R.I. woman</subfield></datafield><datafield ind1=" " ind2="0" tag="222"><subfield code="a">R.I. woman</subfield></datafield><datafield ind1="0" ind2="0" tag="245"><subfield code="a">R.I. woman.</subfield></datafield><datafield ind1="3" ind2="0" tag="246"><subfield code="a">Rhode Island woman</subfield></datafield><datafield ind1=" " ind2=" " tag="260"><subfield code="a">Cranston, R.I. :</subfield><subfield code="b">R.I. Woman Publications</subfield></datafield><datafield ind1=" " ind2=" " tag="300"><subfield code="a">v.</subfield></datafield><datafield ind1=" " ind2=" " tag="310"><subfield code="a">Monthly</subfield></datafield><datafield ind1="0" ind2=" " tag="362"><subfield code="a">Vol. 1, no. 1 (Sept. [1985])-</subfield></datafield><datafield ind1=" " ind2="4" tag="651"><subfield code="a">Cranston (R.I.)</subfield><subfield code="v">Newspapers.</subfield></datafield><datafield ind1=" " ind2=" " tag="752"><subfield code="a">United States</subfield><subfield code="b">Rhode Island</subfield><subfield code="c">Providence</subfield><subfield code="d">Cranston.</subfield></datafield><datafield ind1="1" ind2=" " tag="029"><subfield code="a">AU@</subfield><subfield code="b">000025798227</subfield></datafield></record>